<?xml version="1.0" encoding="UTF-8"?>
  <record xmlns="http://www.loc.gov/MARC21/slim" type="Authority">
    <leader>00000nz  a2200000oc 4500</leader>
    <controlfield tag="001">1015613314</controlfield>
    <controlfield tag="003">DE-101</controlfield>
    <controlfield tag="005">20210924162432.0</controlfield>
    <controlfield tag="008">110929n||azznnaabn           | ana    |c</controlfield>
    <datafield tag="024" ind1="7" ind2=" ">
      <subfield code="a">7760803-3</subfield>
      <subfield code="0">http://d-nb.info/gnd/7760803-3</subfield>
      <subfield code="2">gnd</subfield>
    </datafield>
    <datafield tag="035" ind1=" " ind2=" ">
      <subfield code="a">(DE-101)1015613314</subfield>
    </datafield>
    <datafield tag="035" ind1=" " ind2=" ">
      <subfield code="a">(DE-588)7760803-3</subfield>
    </datafield>
    <datafield tag="035" ind1=" " ind2=" ">
      <subfield code="z">(DE-588c)7760803-3</subfield>
      <subfield code="9">v:zg</subfield>
    </datafield>
    <datafield tag="040" ind1=" " ind2=" ">
      <subfield code="a">DE-576</subfield>
      <subfield code="c">DE-576</subfield>
      <subfield code="9">r:DE-576</subfield>
      <subfield code="b">ger</subfield>
      <subfield code="d">9999</subfield>
    </datafield>
    <datafield tag="042" ind1=" " ind2=" ">
      <subfield code="a">gnd6</subfield>
    </datafield>
    <datafield tag="043" ind1=" " ind2=" ">
      <subfield code="c">XA-DE-BW</subfield>
    </datafield>
    <datafield tag="075" ind1=" " ind2=" ">
      <subfield code="b">g</subfield>
      <subfield code="2">gndgen</subfield>
    </datafield>
    <datafield tag="075" ind1=" " ind2=" ">
      <subfield code="b">gik</subfield>
      <subfield code="2">gndspec</subfield>
    </datafield>
    <datafield tag="079" ind1=" " ind2=" ">
      <subfield code="a">g</subfield>
      <subfield code="q">s</subfield>
      <subfield code="q">f</subfield>
    </datafield>
    <datafield tag="151" ind1=" " ind2=" ">
      <subfield code="a">Annaberg</subfield>
    </datafield>
    <datafield tag="670" ind1=" " ind2=" ">
      <subfield code="a">ONDB</subfield>
    </datafield>
    <datafield tag="678" ind1=" " ind2=" ">
      <subfield code="b">Aufgegangen, Wohnplatz historisch</subfield>
    </datafield>
    <datafield tag="913" ind1=" " ind2=" ">
      <subfield code="S">swd</subfield>
      <subfield code="i">g</subfield>
      <subfield code="a">Annaberg</subfield>
      <subfield code="0">(DE-588c)7760803-3</subfield>
    </datafield>
  </record>
